@book{1925_Hicks_LivesAndOpinionsOfEminentPhilosophers,
  author={Diogenes Laertius},
  translator={Robert Drew Hicks},
  title={Lives of Eminent Philosophers},
  year={1925},
  publisher={Heinemann, London},
  url={https://archive.org/details/livesofeminentph02dioguoft/livesofeminentph02dioguoft},
  license={CC0}
}

@book{1926_Bailey_TheExtantRemains,
  author={Cyril Bailey},
  title={Epicurus},
  subtitle={The Extant Remains},
  year={1926},
  publisher={Clarendon Press, Oxford},
  url={https://archive.org/details/EpicurusTheExtantRemainsBaileyOxford1926_201309}
}
